<record><leader>00000cas a2200000 a 4500</leader><controlfield tag="001">17364244</controlfield><controlfield tag="008">880120d19581961wauwr ne      0    0eng d</controlfield><datafield ind1=" " ind2=" " tag="010"><subfield code="a">sn 88085294 </subfield></datafield><datafield ind1=" " ind2=" " tag="040"><subfield code="a">SLZ</subfield><subfield code="b">eng</subfield><subfield code="c">SLZ</subfield><subfield code="d">OCL</subfield><subfield code="d">OCLCQ</subfield><subfield code="d">OCLCF</subfield><subfield code="d">OCLCO</subfield></datafield><datafield ind1="1" ind2=" " tag="029"><subfield code="a">AU@</subfield><subfield code="b">000020495687</subfield></datafield><datafield ind1=" " ind2=" " tag="042"><subfield code="a">msc</subfield></datafield><datafield ind1=" " ind2=" " tag="043"><subfield code="a">n-us-wa</subfield></datafield><datafield ind1="0" ind2="0" tag="245"><subfield code="a">Mountlake Terrace enterprise.</subfield></datafield><datafield ind1="1" ind2="7" tag="246"><subfield code="a">Enterprise</subfield></datafield><datafield ind1=" " ind2=" " tag="260"><subfield code="a">[Lynnwood, Wash. :</subfield><subfield code="b">Enterprise Pub. Co.]</subfield></datafield><datafield ind1=" " ind2=" " tag="300"><subfield code="a">4 v.</subfield></datafield><datafield ind1=" " ind2=" " tag="310"><subfield code="a">Weekly</subfield></datafield><datafield ind1="0" ind2=" " tag="362"><subfield code="a">Vol. 1, no. 1 (Sept. 24, 1958)-v. 4, no. 9 (Nov. 15, 1961).</subfield></datafield><datafield ind1=" " ind2=" " tag="580"><subfield code="a">Companion vol. to: Edmonds enterprise; and, Lynnwood enterprise, 1958-1961.</subfield></datafield><datafield ind1=" " ind2=" " tag="580"><subfield code="a">Continued by: Enterprise (Lynnwood, Wash.), with special editions for Edmonds, Lynnwood, Mountlake Terrace and Alderwood Manor areas.</subfield></datafield><datafield ind1=" " ind2="0" tag="651"><subfield code="a">Lynnwood (Wash.)</subfield><subfield code="v">Newspapers.</subfield></datafield><datafield ind1=" " ind2="0" tag="651"><subfield code="a">Mountlake Terrace (Wash.)</subfield><subfield code="v">Newspapers.</subfield></datafield><datafield ind1=" " ind2="7" tag="655"><subfield code="a">Newspapers.</subfield><subfield code="2">fast</subfield><subfield code="0">(OCoLC)fst01423814</subfield></datafield><datafield ind1=" " ind2="7" tag="651"><subfield code="a">Washington (State)</subfield><subfield code="z">Lynnwood.</subfield><subfield code="2">fast</subfield><subfield code="0">(OCoLC)fst01227415</subfield></datafield><datafield ind1=" " ind2="7" tag="651"><subfield code="a">Washington (State)</subfield><subfield code="z">Mountlake Terrace.</subfield><subfield code="2">fast</subfield><subfield code="0">(OCoLC)fst01214332</subfield></datafield><datafield ind1=" " ind2=" " tag="752"><subfield code="a">United States</subfield><subfield code="b">Washington</subfield><subfield code="c">Snohomish</subfield><subfield code="d">Lynnwood.</subfield></datafield><datafield ind1=" " ind2=" " tag="752"><subfield code="a">United States</subfield><subfield code="b">Washington</subfield><subfield code="c">Snohomish</subfield><subfield code="d">Mountlake Terrace.</subfield></datafield><datafield ind1="0" ind2="0" tag="785"><subfield code="t">Enterprise (Lynnwood, Wash.)</subfield><subfield code="w">(DLC)sn 88085298</subfield></datafield><datafield ind1="1" ind2=" " tag="787"><subfield code="t">Edmonds enterprise</subfield><subfield code="w">(DLC)sn 88085295</subfield></datafield><datafield ind1="1" ind2=" " tag="787"><subfield code="t">Lynnwood enterprise</subfield><subfield code="w">(DLC)sn 88085293</subfield></datafield></record>